@article{DOV,
  title={The directed landscape},
  author={Dauvergne, Duncan and Ortmann, Janosch and Vir{\'a}g, B{\'a}lint},
  journal={arXiv preprint arXiv:1812.00309},
  year={2018}
}

@article{sarkar2021brownian,
  title={Brownian absolute continuity of the KPZ fixed point with arbitrary initial condition},
  author={Sarkar, Sourav and Vir{\'a}g, B{\'a}lint},
  year={2021}
}

@article{kardar1986dynamic,
  title={Dynamic scaling of growing interfaces},
  author={Kardar, Mehran and Parisi, Giorgio and Zhang, Yi-Cheng},
  journal={Physical Review Letters},
  volume={56},
  number={9},
  pages={889},
  year={1986},
  publisher={APS}
}

@article{matetski2021kpz,
  title={The KPZ fixed point},
  author={Matetski, Konstantin and Quastel, Jeremy and Remenik, Daniel},
  journal={Acta Mathematica},
  volume={227},
  number={1},
  pages={115--203},
  year={2021},
  publisher={Lehigh University Bethlehem, Penn., USA}
}

@inproceedings{nica2020one,
  title={One-sided reflected Brownian motions and the KPZ fixed point},
  author={Nica, Mihai and Quastel, Jeremy and Remenik, Daniel},
  booktitle={Forum of Mathematics, Sigma},
  volume={8},
  pages={e63},
  year={2020},
  organization={Cambridge University Press}
}

@article{corwin2014brownian,
  title={Brownian Gibbs property for Airy line ensembles},
  author={Corwin, Ivan and Hammond, Alan},
  journal={Inventiones mathematicae},
  volume={195},
  pages={441--508},
  year={2014},
  publisher={Springer}
}

@misc{corwin2011kardarparisizhangreview,
      title={The Kardar-Parisi-Zhang equation and universality class}, 
      author={Ivan Corwin},
      year={2011},
      eprint={1106.1596},
      archivePrefix={arXiv},
      primaryClass={math.PR}
}

@article{pitman1975one,
  title={One-dimensional Brownian motion and the three-dimensional Bessel process},
  author={Pitman, James W},
  journal={Advances in Applied Probability},
  volume={7},
  number={3},
  pages={511--526},
  year={1975},
  publisher={Cambridge University Press}
}

@article{kwon1996dynamic,
  title={Dynamic scaling behavior of a growing self-affine fractal interface in a paper-towel-wetting experiment},
  author={Kwon, TH and Hopkins, AE and Oâ€™donnell, SE},
  journal={Physical Review E},
  volume={54},
  number={1},
  pages={685},
  year={1996},
  publisher={APS}
}

@article{o2002representation,
  title={A representation for non-colliding random walks},
  author={O'Connell, Neil and Yor, Marc},
  year={2002}
}

@article{corwin2016kardar,
  title={Kardar-Parisi-Zhang universality},
  author={Corwin, Ivan},
  journal={Notices of the AMS},
  volume={63},
  number={3},
  pages={230--239},
  year={2016}
}

@book{mitov2014renewal,
  title={Renewal processes},
  author={Mitov, Kosto V and Omey, Edward and Mitov, Kosto V and Omey, Edward},
  year={2014},
  publisher={Springer}
}

@article{rost1981non,
  title={Non-equilibrium behaviour of a many particle process: Density profile and local equilibria},
  author={Rost, Hermann},
  journal={Zeitschrift f{\"u}r Wahrscheinlichkeitstheorie und Verwandte Gebiete},
  volume={58},
  number={1},
  pages={41--53},
  year={1981},
  publisher={Springer}
}

@article{johansson2000shape,
  title={Shape fluctuations and random matrices},
  author={Johansson, Kurt},
  journal={Communications in mathematical physics},
  volume={209},
  pages={437--476},
  year={2000},
  publisher={Springer}
}

@incollection{streit1994introduction,
  title={An introduction to white noise analysis},
  author={Streit, Ludwig},
  booktitle={Stochastic analysis and applications in physics},
  pages={415--439},
  year={1994},
  publisher={Springer}
}

@article{quastel2011introduction,
  title={Introduction to KPZ},
  author={Quastel, Jeremy},
  journal={Current developments in mathematics},
  volume={2011},
  number={1},
  year={2011},
  publisher={International Press of Boston}
}

@article{hairer2014theory,
  title={A theory of regularity structures},
  author={Hairer, Martin},
  journal={Inventiones mathematicae},
  volume={198},
  number={2},
  pages={269--504},
  year={2014},
  publisher={Springer}
}

@book{billingsley2013convergence,
  title={Convergence of probability measures},
  author={Billingsley, Patrick},
  year={2013},
  publisher={John Wiley \& Sons}
}

@article{pr2018local,
  title={Local behaviour of Airy processes},
  author={PR Pimentel, Leandro},
  journal={Journal of Statistical Physics},
  volume={173},
  number={6},
  pages={1614--1638},
  year={2018},
  publisher={Springer}
}

@article{calvert2019brownian,
  title={Brownian structure in the KPZ fixed point},
  author={Calvert, Jacob and Hammond, Alan and Hegde, Milind},
  journal={arXiv preprint arXiv:1912.00992},
  year={2019}
}

@inproceedings{hammond2019patchwork,
  title={A patchwork quilt sewn from Brownian fabric: regularity of polymer weight profiles in Brownian last passage percolation},
  author={Hammond, Alan},
  booktitle={Forum of Mathematics, Pi},
  volume={7},
  pages={e2},
  year={2019},
  organization={Cambridge University Press}
}

@book{schilling2021brownian,
  title={Brownian motion: a guide to random processes and stochastic calculus},
  author={Schilling, Ren{\'e} L},
  year={2021},
  publisher={Walter de Gruyter GmbH \& Co KG}
}

@misc{hammond2021brownian,
      title={Brownian regularity for the Airy line ensemble, and multi-polymer watermelons in Brownian last passage percolation}, 
      author={Alan Hammond},
      year={2021},
      eprint={1609.02971},
      archivePrefix={arXiv},
      primaryClass={math.PR}
}

@book{kallenberg1997foundations,
  title={Foundations of modern probability},
  author={Kallenberg, Olav and Kallenberg, Olav},
  volume={2},
  year={1997},
  publisher={Springer}
}

@article{dauvergne2022three,
  title={Three-halves variation of geodesics in the directed landscape},
  author={Dauvergne, Duncan and Sarkar, Sourav and Vir{\'a}g, B{\'a}lint},
  journal={The Annals of Probability},
  volume={50},
  number={5},
  pages={1947--1985},
  year={2022},
  publisher={Institute of Mathematical Statistics}
}

@book{morters2010brownian,
  title={Brownian motion},
  author={M{\"o}rters, Peter and Peres, Yuval},
  volume={30},
  year={2010},
  publisher={Cambridge University Press}
}

	:
