@book{bremaud2020probability,
  title={Probability Theory and Stochastic Processes},
  author={Br{\'e}maud, P.},
  isbn={9783030401832},
  series={Universitext},
  url={https://books.google.gr/books?id=_OTbDwAAQBAJ},
  year={2020},
  publisher={Springer International Publishing}
}

@article{Mei_2018,
   title={A mean field view of the landscape of two-layer neural networks},
   volume={115},
   ISSN={1091-6490},
   url={http://dx.doi.org/10.1073/pnas.1806579115},
   DOI={10.1073/pnas.1806579115},
   number={33},
   journal={Proceedings of the National Academy of Sciences},
   publisher={Proceedings of the National Academy of Sciences},
   author={Mei, Song and Montanari, Andrea and Nguyen, Phan-Minh},
   year={2018},
   month=jul 
}

@misc{chen2023gradientflowssamplingmeanfield,
      title={Gradient Flows for Sampling: Mean-Field Models, Gaussian Approximations and Affine Invariance}, 
      author={Yifan Chen and Daniel Zhengyu Huang and Jiaoyang Huang and Sebastian Reich and Andrew M. Stuart},
      year={2023},
      eprint={2302.11024},
      archivePrefix={arXiv},
      primaryClass={stat.ML},
      url={https://arxiv.org/abs/2302.11024}, 
}


@article{weinan2005multiscalesde,
title = "Analysis of multiscale methods for stochastic differential equations",
abstract = "We analyze a class of numerical schemes proposed in [26] for stochastic differential equations with multiple time scales. Both advective and diffusive time scales are considered. Weak as well as strong convergence theorems are proven. Most of our results are optimal. They in turn allow us to provide a thorough discussion on the efficiency as well as optimal strategy for the method.",
author = "Weinan E and Di Liu and Eric Vanden-Eijnden",
year = "2005",
month = nov,
doi = "10.1002/cpa.20088",
language = "English (US)",
volume = "58",
pages = "1544--1585",
journal = "Communications on Pure and Applied Mathematics",
issn = "0010-3640",
publisher = "Wiley-Liss Inc.",
number = "11",

}

@article{Chaudhari2017DeepRP,
  title={Deep relaxation: partial differential equations for optimizing deep neural networks},
  author={Pratik Chaudhari and Adam M. Oberman and S. Osher and Stefano Soatto and Guillaume Carlier},
  journal={Research in the Mathematical Sciences},
  year={2017},
  volume={5},
  url={https://api.semanticscholar.org/CorpusID:2074215}
}

@misc{kantas2019sharpflatshallowweakly,
      title={The sharp, the flat and the shallow: Can weakly interacting agents learn to escape bad minima?}, 
      author={Nikolas Kantas and Panos Parpas and Grigorios A. Pavliotis},
      year={2019},
      eprint={1905.04121},
      archivePrefix={arXiv},
      primaryClass={stat.ML},
      url={https://arxiv.org/abs/1905.04121}, 
}

@misc{sirignano2019meanfieldanalysislln,
      title={Mean Field Analysis of Neural Networks: A Law of Large Numbers}, 
      author={Justin Sirignano and Konstantinos Spiliopoulos},
      year={2019},
      eprint={1805.01053},
      archivePrefix={arXiv},
      primaryClass={math.PR},
      url={https://arxiv.org/abs/1805.01053}, 
}

@misc{sirignano2019meanfieldanalysisclt,
      title={Mean Field Analysis of Neural Networks: A Central Limit Theorem}, 
      author={Justin Sirignano and Konstantinos Spiliopoulos},
      year={2019},
      eprint={1808.09372},
      archivePrefix={arXiv},
      primaryClass={math.PR},
      url={https://arxiv.org/abs/1808.09372}, 
}

@book{ethier2009markov,
  title={Markov Processes: Characterization and Convergence},
  author={Ethier, S.N. and Kurtz, T.G.},
  isbn={9780470317327},
  lccn={85012078},
  series={Wiley Series in Probability and Statistics},
  url={https://books.google.gr/books?id=zvE9RFouKoMC},
  year={2009},
  publisher={Wiley}
}

@misc{odonoghue2012adaptiverestartacceleratedgradient,
      title={Adaptive Restart for Accelerated Gradient Schemes}, 
      author={Brendan O'Donoghue and Emmanuel Candes},
      year={2012},
      eprint={1204.3982},
      archivePrefix={arXiv},
      primaryClass={math.OC},
      url={https://arxiv.org/abs/1204.3982}, 
}

@software{Tassopoulos_Imperial_Summer_Research_2023,
author = {Tassopoulos, Pantelis},
month = aug,
title = {{Imperial Summer Research 2023 Code Repository}},
version = {2.0.4},
url = {https://github.com/PantelisTass/Imperial-UROP-Project-SGD}
year = {2023}
}

@article{Rotskoff_2022,
   title={Trainability and Accuracy of Artificial Neural Networks: An Interacting Particle System Approach},
   volume={75},
   ISSN={1097-0312},
   url={http://dx.doi.org/10.1002/cpa.22074},
   DOI={10.1002/cpa.22074},
   number={9},
   journal={Communications on Pure and Applied Mathematics},
   publisher={Wiley},
   author={Rotskoff, Grant and Vanden‐Eijnden, Eric},
   year={2022},
   month=jul, pages={1889–1935} }



@book{kallenberg2021foundations,
  title={Foundations of Modern Probability},
  author={Kallenberg, O.},
  isbn={9783030618711},
  series={Probability Theory and Stochastic Modelling},
  url={https://books.google.gr/books?id=LNwaEAAAQBAJ},
  year={2021},
  publisher={Springer International Publishing}
}


@article{muller1979location,
  title={Location of saddle points and minimum energy paths by a constrained simplex optimization procedure},
  author={M{\"u}ller, Klaus and Brown, Leo D},
  journal={Theoretica chimica acta},
  volume={53},
  pages={75--93},
  year={1979},
  publisher={Springer}
}

@book{pavliotis2014stochastic,
  title={Stochastic Processes and Applications: Diffusion Processes, the Fokker-Planck and Langevin Equations},
  author={Pavliotis, G.A.},
  isbn={9781493913237},
  series={Texts in Applied Mathematics},
  url={https://books.google.gr/books?id=8213BQAAQBAJ},
  year={2014},
  publisher={Springer New York}
}

